@misc{coniglio,
  title = {{MATH1058 Lecture Slides}},
  author = {S. Coniglio},
  howpublished = {Blackboard},
  note = {Accessed: 2018-03-7}
}